<record><leader>00000cas a22000007a 4500</leader><controlfield tag="001">36689772</controlfield><controlfield tag="008">970407d19641964akuuu ne      0    0eng d</controlfield><datafield ind1=" " ind2=" " tag="010"><subfield code="a">sn 97060002 </subfield></datafield><datafield ind1=" " ind2=" " tag="040"><subfield code="a">ANE</subfield><subfield code="b">eng</subfield><subfield code="c">ANE</subfield><subfield code="d">OCLCQ</subfield><subfield code="d">OCLCF</subfield><subfield code="d">OCLCO</subfield></datafield><datafield ind1="1" ind2=" " tag="029"><subfield code="a">AU@</subfield><subfield code="b">000013197097</subfield></datafield><datafield ind1=" " ind2=" " tag="042"><subfield code="a">msc</subfield></datafield><datafield ind1=" " ind2=" " tag="043"><subfield code="a">n-us-ak</subfield></datafield><datafield ind1="0" ind2="0" tag="245"><subfield code="a">Kodiak civil defense information bulletin.</subfield></datafield><datafield ind1=" " ind2=" " tag="260"><subfield code="a">Kodiak, Alaska :</subfield><subfield code="b">[s.n.],</subfield><subfield code="c">1964.</subfield></datafield><datafield ind1=" " ind2=" " tag="300"><subfield code="a">v.</subfield></datafield><datafield ind1="1" ind2=" " tag="362"><subfield code="a">Began in Mar. 1964.</subfield></datafield><datafield ind1="0" ind2=" " tag="362"><subfield code="a">-#3 (Mar. 30, 1964).</subfield></datafield><datafield ind1=" " ind2=" " tag="515"><subfield code="a">Issue no. 2 lacks chronological designation.</subfield></datafield><datafield ind1=" " ind2=" " tag="588"><subfield code="a">Description based on: #2.</subfield></datafield><datafield ind1=" " ind2="0" tag="651"><subfield code="a">Kodiak (Alaska)</subfield><subfield code="v">Newspapers.</subfield></datafield><datafield ind1=" " ind2="7" tag="655"><subfield code="a">Newspapers.</subfield><subfield code="2">fast</subfield><subfield code="0">(OCoLC)fst01423814</subfield></datafield><datafield ind1=" " ind2="7" tag="651"><subfield code="a">Alaska</subfield><subfield code="z">Kodiak.</subfield><subfield code="2">fast</subfield><subfield code="0">(OCoLC)fst01209935</subfield></datafield><datafield ind1=" " ind2=" " tag="752"><subfield code="a">United States</subfield><subfield code="b">Alaska</subfield><subfield code="d">Kodiak.</subfield></datafield><datafield ind1="0" ind2="0" tag="785"><subfield code="t">City hall emergency bulletin</subfield><subfield code="w">(DLC)sn 97060003</subfield><subfield code="w">(OCoLC)36689780</subfield></datafield></record>